<?xml version="1.0" encoding="utf-8"?>
<record xmlns="http://www.loc.gov/MARC21/slim" xmlns:xsi="http://www.w3.org/2001/XMLSchema-instance" xsi:schemaLocation="http://www.loc.gov/MARC21/slim http://www.loc.gov/standards/marcxml/schema/MARC21slim.xsd">
	<leader>     nam a22     Mi 4500</leader>
	<controlfield tag="001">159729</controlfield>
	<controlfield tag="003">NjP</controlfield>
	<controlfield tag="006">m        d        </controlfield>
	<controlfield tag="007">cr cn |||m|||a</controlfield>
	<controlfield tag="008">190815s1920    sy af   o     000 0 ara d</controlfield>
	<datafield ind1=" " ind2=" " tag="040">
		<subfield code="a">ZYU</subfield>
		<subfield code="b">ara</subfield>
		<subfield code="e">rda</subfield>
		<subfield code="c">ZYU</subfield>
	</datafield>
	<datafield ind1=" " ind2=" " tag="043">
		<subfield code="a">a-sy---</subfield>
	</datafield>
	<datafield ind1=" " ind2="4" tag="050">
		<subfield code="a">DS98</subfield>
		<subfield code="b">.D45 1920</subfield>
	</datafield>
	<datafield ind1="0" ind2="0" tag="245">
		<subfield code="6">880-01</subfield>
		<subfield code="a">Dhikrá istiqlāl Sūriyā :</subfield>
		<subfield code="b">17 jumādá al-thāniyah sanat 1338 al-muwāfiq 8 ādhār (māris) sanat 1920 /</subfield>
		<subfield code="c">[multazim wa-nāshir al-kitāb Yūsuf al-Suyūfī].</subfield>
	</datafield>
	<datafield ind1="1" ind2="4" tag="246">
		<subfield code="6">880-02</subfield>
		<subfield code="a">Dhikrá istiqlāl Sūriyā fī 17 jumādá al-thāniyah sanat 1338 ...</subfield>
	</datafield>
	<datafield ind1=" " ind2=" " tag="260">
		<subfield code="6">880-03</subfield>
		<subfield code="a">Dimashq :</subfield>
		<subfield code="b">Suyūfī Ikhwān,</subfield>
		<subfield code="c">1920</subfield>
		<subfield code="e">(Miṣr :</subfield>
		<subfield code="b">Maṭbaʻat Ṭāhā Ībrāhīm wa-Yūsuf Barlādī)</subfield>
	</datafield>
	<datafield ind1=" " ind2=" " tag="300">
		<subfield code="a">online resource (3, [46] leaves, 1 unnumbered leaf of plates) :</subfield>
		<subfield code="b">chiefly illustrations</subfield>
	</datafield>
	<datafield ind1=" " ind2=" " tag="336">
		<subfield code="a">text</subfield>
		<subfield code="2">rdacontent</subfield>
	</datafield>
	<datafield ind1=" " ind2=" " tag="337">
		<subfield code="a">computer</subfield>
		<subfield code="2">rdamedia</subfield>
	</datafield>
	<datafield ind1=" " ind2=" " tag="338">
		<subfield code="a">online resource</subfield>
		<subfield code="2">rdacarrier</subfield>
	</datafield>
	<datafield ind1=" " ind2=" " tag="500">
		<subfield code="a">Part of the Arabic Collections Online (ACO) project, contributed by Princeton University Libraries.</subfield>
	</datafield>
	<datafield ind1=" " ind2=" " tag="520">
		<subfield code="a">Consists primarily of portraits of members of al-Muʼtamar al-Sūrī al-ʻAmm that declared independence in 1920, as well as a facsimile of their declaration to King Fayṣal.</subfield>
	</datafield>
	<datafield ind1=" " ind2=" " tag="533">
		<subfield code="a">Electronic reproduction.</subfield>
		<subfield code="b">New York, N.Y. :</subfield>
		<subfield code="c">New York University,</subfield>
		<subfield code="d">2019.</subfield>
		<subfield code="5">NNU</subfield>
	</datafield>
	<datafield ind1=" " ind2="0" tag="651">
		<subfield code="a">Syria</subfield>
		<subfield code="x">History</subfield>
		<subfield code="y">French occupation, 1918-1946.</subfield>
	</datafield>
	<datafield ind1=" " ind2="0" tag="651">
		<subfield code="a">Syria</subfield>
		<subfield code="x">Anniversaries, etc.</subfield>
	</datafield>
	<datafield ind1="2" ind2="7" tag="611">
		<subfield code="a">French Occupation of Syria (1918-1946)</subfield>
		<subfield code="2">fast</subfield>
		<subfield code="0">(OCoLC)fst01353135</subfield>
	</datafield>
	<datafield ind1=" " ind2="7" tag="650">
		<subfield code="a">Anniversaries.</subfield>
		<subfield code="2">fast</subfield>
		<subfield code="0">(OCoLC)fst00809757</subfield>
	</datafield>
	<datafield ind1=" " ind2="7" tag="651">
		<subfield code="a">Syria.</subfield>
		<subfield code="2">fast</subfield>
		<subfield code="0">(OCoLC)fst01208757</subfield>
	</datafield>
	<datafield ind1=" " ind2="7" tag="650">
		<subfield code="0">(DE-588)4186820-1</subfield>
		<subfield code="a">Unabhängigkeit</subfield>
		<subfield code="2">gnd</subfield>
	</datafield>
	<datafield ind1=" " ind2="7" tag="651">
		<subfield code="0">(DE-588)4058794-0</subfield>
		<subfield code="a">Syrien</subfield>
		<subfield code="2">gnd</subfield>
	</datafield>
	<datafield ind1=" " ind2="7" tag="648">
		<subfield code="a">1918-1946</subfield>
		<subfield code="2">fast</subfield>
	</datafield>
	<datafield ind1=" " ind2="7" tag="655">
		<subfield code="a">History.</subfield>
		<subfield code="2">fast</subfield>
		<subfield code="0">(OCoLC)fst01411628</subfield>
	</datafield>
	<datafield ind1="1" ind2=" " tag="700">
		<subfield code="6">880-04</subfield>
		<subfield code="a">Suyūfī, Yūsuf.</subfield>
	</datafield>
	<datafield ind1="2" ind2=" " tag="710">
		<subfield code="a">Princeton University.</subfield>
		<subfield code="b">Library.</subfield>
	</datafield>
	<datafield ind1="0" ind2=" " tag="730">
		<subfield code="a">Arabic Collections Online.</subfield>
	</datafield>
	<datafield ind1="0" ind2="8" tag="776">
		<subfield code="i">Online version:</subfield>
		<subfield code="t">Dhikrá istiqlāl Sūriyā.</subfield>
		<subfield code="d">Miṣr : Maṭbaʻat Ṭāhā Ībrāhīm wa-Yūsuf Barlādī, 1920</subfield>
		<subfield code="w">(OCoLC)663203952</subfield>
	</datafield>
	<datafield ind1="0" ind2="8" tag="776">
		<subfield code="i">Print version:</subfield>
		<subfield code="t">Dhikrá istiqlāl Sūriyā</subfield>
		<subfield code="w">(NjP)159729</subfield>
		<subfield code="w">(OCoLC)79110505</subfield>
	</datafield>
	<datafield ind1="4" ind2="0" tag="856">
		<subfield code="u">http://hdl.handle.net/2333.1/j6q57c6r</subfield>
	</datafield>
	<datafield ind1="0" ind2="0" tag="880">
		<subfield code="6">245-01</subfield>
		<subfield code="a">ذكرى استقلال سوريا :</subfield>
		<subfield code="b">17 جمادى الثانية سنة 1338 الموافق 8 آذار (مارس) سنة 1920 /</subfield>
		<subfield code="c">[ملتزم وناشر الكتاب يوسف السيوفي].</subfield>
	</datafield>
	<datafield ind1="3" ind2=" " tag="880">
		<subfield code="6">246-02</subfield>
		<subfield code="a">ذكرى استقلال سوريا في 17 جمادى الثانية سنة 1338 ...</subfield>
	</datafield>
	<datafield ind1=" " ind2=" " tag="880">
		<subfield code="6">260-03</subfield>
		<subfield code="a">دمشق :</subfield>
		<subfield code="b">سيوفي اخوان،</subfield>
		<subfield code="c">1920</subfield>
		<subfield code="e">(مصر :</subfield>
		<subfield code="b">مطبعة طه ابراهيم ويوسف برلادي)</subfield>
	</datafield>
	<datafield ind1="1" ind2=" " tag="880">
		<subfield code="6">700-04</subfield>
		<subfield code="a">سيوفي، يوسف.</subfield>
	</datafield>
	<datafield ind1=" " ind2=" " tag="959">
		<subfield code="a">NNU</subfield>
		<subfield code="b">WEB</subfield>
		<subfield code="c">GENI</subfield>
		<subfield code="t">0</subfield>
		<subfield code="m">Electronic access</subfield>
		<subfield code="s">01</subfield>
	</datafield>
	<datafield ind1=" " ind2=" " tag="999">
		<subfield code="i">NjP_159729</subfield>
		<subfield code="o">(OCoLC)ocm79110505</subfield>
		<subfield code="s">princeton_aco002199</subfield>
		<subfield code="s">princeton_aco002199</subfield>
	</datafield>
</record>
